@book{book:CRC,
	title={CRC Handbook of Chemistry and Physics, 99th E.},
	author={Rumble, John},
	year={2019},
	publisher={CRC press}
}

@article{born1918absolute,
	title={{\"U}ber die absolute Berechnung der Kristalleigenschaften mit Hilfe Bohrscher Atommodelle},
	author={Born, M and Land{\'e}, A},
	journal={Sitzungsber. Preuss. Akad. Wiss.},
	volume={45},
	pages={1048-1068},
	year={1918}
}

@article{Buckingham1938,
	author = {R. A. Buckingham  and John Edward Lennard-Jones},
	title = {The classical equation of state of gaseous helium, neon and argon},
	journal = {Proceedings of the Royal Society of London. Series A. Mathematical and Physical Sciences},
	volume = {168},
	number = {933},
	pages = {264-283},
	year = {1938},
	doi = {10.1098/rspa.1938.0173},
	URL = {https://royalsocietypublishing.org/doi/abs/10.1098/rspa.1938.0173},
	eprint = {https://royalsocietypublishing.org/doi/pdf/10.1098/rspa.1938.0173},
	abstract = { The deviations from the equation of state for perfect gases which are observed in all known gases result from the interactions of their constituent atoms or molecules. The excess pressures observed at all but the lowest temperatures show that the dominating factor is the strong repulsion between atoms at close renge, due to the interpentration of complete electron shells. Little is known about these repulsions, and that is readily summarized. Between atoms with spherically symmetrical distributions it is likely that the repulsive potential is accurately represented by a function P(r)e-r/p, (1) Where r is separation of the atomic nuclei and P(r) a polynomial in r. Quantum theoretical calculations made by Slater (1928) for helium atoms (with a closed shell of two electrons) and by Bleick and Mayer (1934) for neon atoms (with a closed shell of eight electrons) show that an adequate expression may sometimes be obtained if the polynomial is replaced by a constant. Some confirmation of this (though over a very restricted range of r) is given by Born and Mayer (1932) and Huggins (1937), whose work on ionic cubic crystals shows that their elastic properties are admirably correlated when the repulsive potential of two ions of rare gas type is represented by an exponential function be-r/p, with a range of about one atomic diameter. }
}

@Article{Born1932,
	author="Born, Max
	and Mayer, Joseph E.",
	title="Zur Gittertheorie der Ionenkristalle",
	journal="Z. Phys.",
	year="1932",
	month="Jan",
	day="01",
	volume="75",
	number="1",
	pages="1--18",
	abstract="Die Gittertheorie der Ionenkristalle wird durch drei {\"A}nderungen des Energieansatzes versch{\"a}rft: Das Absto{\ss}ungspotential wird nicht als Potenz des Gitterabstandes, sondern als Exponentialfunktion angenommen. Dabei wird das Gesetz der Additivit{\"a}t der Ionenradien ber{\"u}cksichtigt. Endlich werden die van der Waalsschen Koh{\"a}sionskr{\"a}fte mit in Rechnung gesetzt. Es wird gezeigt, da{\ss} hierdurch die verschiedene Stabilit{\"a}t der Gittertypen NaCl und CsCl verst{\"a}ndlich gemacht werden kann.",
	issn="0044-3328",
	doi="10.1007/BF01340511",
	url="https://doi.org/10.1007/BF01340511"
}

@article{Huggins1937,
	abstract = {Constants in the Born and Mayer exponential expression for the repulsion between two ions have been recalculated. Using these, the lattice energies and equilibrium distances between ions have been recomputed, for alkali halide crystals. Expressions have been derived and tested for the calculation of the compressibility and the characteristic maximum infrared frequency. The relation between these two quantities is shown to be approximated by an empirical equation proposed by Madelung.},
	author = {Huggins, Maurice L.},
	doi = {10.1063/1.1749993},
	file = {:C$\backslash$:/Users/Hayden/AppData/Local/Mendeley Ltd./Mendeley Desktop/Downloaded/Huggins - 1937 - Lattice Energies, Equilibrium Distances, Compressibilities and Characteristic Frequencies of Alkali Halide Crystals.pdf:pdf},
	issn = {0021-9606},
	journal = {Journal of Chemical Physics},
	mendeley-groups = {QM{\_}Lithium{\_}Halides},
	month = {Feb},
	number = {2},
	pages = {143--148},
	publisher = {American Institute of Physics},
	title = {{Lattice Energies, Equilibrium Distances, Compressibilities and Characteristic Frequencies of Alkali Halide Crystals}},
	url = {http://aip.scitation.org/doi/10.1063/1.1749993},
	volume = {5},
	year = {1937}
}

@article{Huggins1947,
	title={Errata: Lattice Energies, Equilibrium Distances, Compressibilities, and Characteristic Frequencies of Alkali Halide Crystals},
	author={Huggins, Maurice L},
	journal={Journal of Chemical Physics},
	volume={15},
	number={4},
	pages={212--212},
	year={1947},
	publisher={AIP}
}



@article{Slater1928,
	author = {Slater, J. C.},
	doi = {10.1103/PhysRev.32.349},
	issn = {0031-899X},
	journal = {Physical Review},
	mendeley-groups = {Nucleation},
	month = {Sep},
	number = {3},
	pages = {349--360},
	publisher = {American Physical Society},
	title = {{The Normal State of Helium}},
	url = {https://link.aps.org/doi/10.1103/PhysRev.32.349},
	volume = {32},
	year = {1928}
}

@article{Jenkins2005,
	author = {Jenkins, H. Donald B.},
	title = {Thermodynamics of the Relationship between Lattice Energy and Lattice Enthalpy},
	journal = {Journal of Chemical Education},
	volume = {82},
	number = {6},
	pages = {950},
	year = {2005},
	doi = {10.1021/ed082p950},
	URL = {https://doi.org/10.1021/ed082p950},
	eprint = {https://doi.org/10.1021/ed082p950}	
}

@article{Crystal17,
	author = {Dovesi, Roberto and Erba, Alessandro and Orlando, Roberto and Zicovich-Wilson, Claudio M. and Civalleri, Bartolomeo and Maschio, Lorenzo and Rérat, Michel and Casassa, Silvia and Baima, Jacopo and Salustro, Simone and Kirtman, Bernard},
	title = {Quantum-mechanical condensed matter simulations with CRYSTAL},
	journal = {Wiley Interdisciplinary Reviews: Computational Molecular Science},
	volume = {8},
	number = {4},
	pages = {e1360},
	keywords = {condensed matter, density functional theory, quantum mechanics},
	doi = {10.1002/wcms.1360},
	url = {https://onlinelibrary.wiley.com/doi/abs/10.1002/wcms.1360},
	eprint = {https://onlinelibrary.wiley.com/doi/pdf/10.1002/wcms.1360},
	abstract = {The features of the publicly distributed CRYSTAL program for quantum-mechanical condensed matter simulations are reviewed and the latest version of the code, namely CRYSTAL17, is introduced.},
	year = {2018}
}

@article{Crystal17Manual,
	author = {R. Dovesi and V. R. Saunders and C. Roetti and R. Orlando and C. M. Zicovich-Wilson and F. Pascale and B. Civalleri and K. Doll and N. M. Harrison and I. J. Bush and P. D'Arco and M. Llunell and M. Caus\`{a} and Y. No\:{e}l and L. Maschio and A. Erba and M. Rerat and S. Casassa},
	title = {CRYSTAL17 User's Manual},
	journal = {University of Torino},
	keywords = {condensed matter, density functional theory, quantum mechanics},
	year = {2017}
}

@article{Peintinger2013,
	author = {Peintinger, Michael F. and Oliveira, Daniel Vilela and Bredow, Thomas},
	doi = {10.1002/jcc.23153},
	file = {:C$\backslash$:/Users/Hayden/AppData/Local/Mendeley Ltd./Mendeley Desktop/Downloaded/Peintinger, Oliveira, Bredow - 2013 - Consistent Gaussian basis sets of triple-zeta valence with polarization quality for solid-state ca.pdf:pdf},
	issn = {01928651},
	journal = {Journal of Computational Chemistry},
	keywords = {CRYSTAL,TZVP,basis sets,solid‐state calculations},
	mendeley-groups = {QM{\_}Lithium{\_}Halides},
	month = {Mar},
	number = {6},
	pages = {451--459},
	publisher = {Wiley-Blackwell},
	title = {{Consistent Gaussian basis sets of triple-zeta valence with polarization quality for solid-state calculations}},
	url = {http://doi.wiley.com/10.1002/jcc.23153},
	volume = {34},
	year = {2013}
}


@article{Laun2018,
	author = {Laun, Joachim and {Vilela Oliveira}, Daniel and Bredow, Thomas},
	doi = {10.1002/jcc.25195},
	issn = {01928651},
	journal = {Journal of Computational Chemistry},
	keywords = {CRYSTAL,basis sets,pob‐DZVP,pob‐TZVP,solid‐state calculations},
	mendeley-groups = {QM{\_}Lithium{\_}Halides},
	month = {Jul},
	number = {19},
	pages = {1285--1290},
	publisher = {Wiley-Blackwell},
	title = {{Consistent gaussian basis sets of double- and triple-zeta valence with polarization quality of the fifth period for solid-state calculations}},
	url = {http://doi.wiley.com/10.1002/jcc.25195},
	volume = {39},
	year = {2018}
}

@article{Mardirossian2017,
	abstract = {ABSTRACTIn the past 30 years, Kohn–Sham density functional theory has emerged as the most popular electronic structure method in computational chemistry. To assess the ever-increasing number of approximate exchange-correlation functionals, this review benchmarks a total of 200 density functionals on a molecular database (MGCDB84) of nearly 5000 data points. The database employed, provided as Supplemental Data, is comprised of 84 data-sets and contains non-covalent interactions, isomerisation energies, thermochemistry, and barrier heights. In addition, the evolution of non-empirical and semi-empirical density functional design is reviewed, and guidelines are provided for the proper and effective use of density functionals. The most promising functional considered is $\omega$B97M-V, a range-separated hybrid meta-GGA with VV10 nonlocal correlation, designed using a combinatorial approach. From the local GGAs, B97-D3, revPBE-D3, and BLYP-D3 are recommended, while from the local meta-GGAs, B97M-rV is the leading choi...},
	author = {Mardirossian, Narbe and Head-Gordon, Martin},
	doi = {10.1080/00268976.2017.1333644},
	issn = {0026-8976},
	journal = {Molecular Physics},
	keywords = {DFT,Density functional theory,benchmark,chemistry database,density functionals},
	mendeley-groups = {QM{\_}Lithium{\_}Halides},
	month = {Oct},
	number = {19},
	pages = {2315--2372},
	publisher = {Taylor {\&} Francis},
	title = {{Thirty years of density functional theory in computational chemistry: an overview and extensive assessment of 200 density functionals}},
	url = {https://www.tandfonline.com/doi/full/10.1080/00268976.2017.1333644},
	volume = {115},
	year = {2017}
}

@article{PW1PW,
	title = {{Effect of exchange and correlation on bulk properties of MgO, NiO, and CoO}},
	author = {Bredow, Thomas and Gerson, Andrea R.},
	journal = {Phys. Rev. B},
	volume = {61},
	issue = {8},
	pages = {5194--5201},
	numpages = {0},
	year = {2000},
	month = {Feb},
	publisher = {American Physical Society},
	doi = {10.1103/PhysRevB.61.5194},
	url = {https://link.aps.org/doi/10.1103/PhysRevB.61.5194}
}


@article{Grimme2010,
	author = {Grimme, Stefan and Antony, Jens and Ehrlich, Stephan and Krieg, Helge},
	doi = {10.1063/1.3382344},
	journal = {Journal of Chemical Physics},
	mendeley-groups = {ALMO Langevin},
	number = {15},
	pages = {154104},
	title = {{A consistent and accurate ab initio parametrization of density functional dispersion correction (DFT-D) for the 94 elements H-Pu}},
	url = {https://doi.org/10.1063/1.3382344},
	volume = {132},
	year = {2010}
}

@article{Grimme2011,
	author = {Grimme, Stefan and Ehrlich, Stephan and Goerigk, Lars},
	title = {Effect of the damping function in dispersion corrected density functional theory},
	journal = {Journal of Computational Chemistry},
	volume = {32},
	number = {7},
	pages = {1456-1465},
	keywords = {dispersion energy, density functional theory, noncovalent interactions, van der Waals complexes},
	doi = {10.1002/jcc.21759},
	url = {https://onlinelibrary.wiley.com/doi/abs/10.1002/jcc.21759},
	eprint = {https://onlinelibrary.wiley.com/doi/pdf/10.1002/jcc.21759},
	abstract = {Abstract It is shown by an extensive benchmark on molecular energy data that the mathematical form of the damping function in DFT-D methods has only a minor impact on the quality of the results. For 12 different functionals, a standard “zero-damping” formula and rational damping to finite values for small interatomic distances according to Becke and Johnson (BJ-damping) has been tested. The same (DFT-D3) scheme for the computation of the dispersion coefficients is used. The BJ-damping requires one fit parameter more for each functional (three instead of two) but has the advantage of avoiding repulsive interatomic forces at shorter distances. With BJ-damping better results for nonbonded distances and more clear effects of intramolecular dispersion in four representative molecular structures are found. For the noncovalently-bonded structures in the S22 set, both schemes lead to very similar intermolecular distances. For noncovalent interaction energies BJ-damping performs slightly better but both variants can be recommended in general. The exception to this is Hartree-Fock that can be recommended only in the BJ-variant and which is then close to the accuracy of corrected GGAs for non-covalent interactions. According to the thermodynamic benchmarks BJ-damping is more accurate especially for medium-range electron correlation problems and only small and practically insignificant double-counting effects are observed. It seems to provide a physically correct short-range behavior of correlation/dispersion even with unmodified standard functionals. In any case, the differences between the two methods are much smaller than the overall dispersion effect and often also smaller than the influence of the underlying density functional. © 2011 Wiley Periodicals, Inc. J Comput Chem, 2011},
	year = {2011}
}

@article{Becke2007,
	author = {Becke, Axel D. and Johnson, Erin R. },
	title = {A unified density-functional treatment of dynamical, nondynamical, and dispersion correlations},
	journal = {Journal of Chemical Physics},
	volume = {127},
	number = {12},
	pages = {124108},
	year = {2007},
	doi = {10.1063/1.2768530},
	URL = {https://doi.org/10.1063/1.2768530},
	eprint = {https://doi.org/10.1063/1.2768530}
}

@article{becke2005density,
	title={A density-functional model of the dispersion interaction},
	author={Becke, Axel D and Johnson, Erin R},
	journal={The Journal of chemical physics},
	volume={123},
	number={15},
	pages={154101},
	year={2005},
	publisher={AIP}
}

@article{Rappoport2010,
	author = {Rappoport, Dmitrij  and Furche, Filipp},
	title = {Property-optimized Gaussian basis sets for molecular response calculations},
	journal = {Journal of Chemical Physics},
	volume = {133},
	number = {13},
	pages = {134105},
	year = {2010},
	doi = {10.1063/1.3484283},
	URL = {https://doi.org/10.1063/1.3484283},
	eprint = {https://doi.org/10.1063/1.3484283}
}

@article{weigend2005balanced,
	title={Balanced basis sets of split valence, triple zeta valence and quadruple zeta valence quality for H to Rn: Design and assessment of accuracy},
	author={Weigend, Florian and Ahlrichs, Reinhart},
	journal={Physical Chemistry Chemical Physics},
	volume={7},
	number={18},
	pages={3297--3305},
	year={2005},
	publisher={The Royal Society of Chemistry}
}

@article{weigend2003gaussian,
	title={Gaussian basis sets of quadruple zeta valence quality for atoms H--Kr},
	author={Weigend, Florian and Furche, Filipp and Ahlrichs, Reinhart},
	journal={The Journal of chemical physics},
	volume={119},
	number={24},
	pages={12753--12762},
	year={2003},
	publisher={AIP}
}

@article{peterson2003systematically,
	title={Systematically convergent basis sets with relativistic pseudopotentials. II. Small-core pseudopotentials and correlation consistent basis sets for the post-d group 16--18 elements},
	author={Peterson, Kirk A and Figgen, Detlev and Goll, Erich and Stoll, Hermann and Dolg, Michael},
	journal={Journal of Chemical Physics},
	volume={119},
	number={21},
	pages={11113--11123},
	year={2003},
	publisher={AIP}
}

@article{Karthika2016,
	abstract = {Nucleation, the initial process in vapor condensation, crystal nucleation, melting, and boiling, is the localized emergence of a distinct thermodynamic phase at the nanoscale that macroscopically grows in size with the attachment of growth units. These phase changes are the result of atomistic events driven by thermal fluctuations. The occurrence of atomistic level events with the length scales on the order of 10–10 m and time scales of 10–13 S equivalent to the vibrational frequency of atoms makes the nucleation a very complicated phenomenon to study. Even though abundant literature is available about fundamental aspects of nucleation, the knowledge on these phenomena is far from complete. The classical pathway to nucleation which was once considered to have general applicability to all nucleating systems is gradually giving way to a nonclassical pathway which is now considered as a dominating mechanism in solution crystallization and other systems. In this review, an attempt is made to compare underlyin...},
	author = {Karthika, S. and Radhakrishnan, T. K. and Kalaichelvi, P.},
	doi = {10.1021/acs.cgd.6b00794},
	issn = {1528-7483},
	journal = {Crystal Growth {\&} Design},
	mendeley-groups = {Nucleation,QM{\_}Lithium{\_}Halides},
	month = {11},
	number = {11},
	pages = {6663--6681},
	publisher = {American Chemical Society},
	title = {{A Review of Classical and Nonclassical Nucleation Theories}},
	url = {http://pubs.acs.org/doi/10.1021/acs.cgd.6b00794},
	volume = {16},
	year = {2016}
}


@article{Lanaro2018,
	abstract = {Molecular dynamics (MD) simulations are employed to investigate crystal nucleation and growth in oversaturated aqueous LiF solutions. Results obtained for a range of temperatures provide evidence that the rate of crystal growth is determined by a substantial energy barrier (∼49 kJ mol−1) related to the loss of water from the ion hydration shells. Employing direct MD simulations, we do not observe spontaneous nucleation of LiF crystals at 300 K, but nucleation is easily observable in NVT simulations at 500 K. This contrasts with the NaCl case, where crystal nucleation is directly observed in similar simulations at 300 K. Based on these observations, together with a detailed analysis of ion clustering in metastable LiF solutions, we argue that the ion dehydration barrier also plays a key role in crystal nucleation. The hydration of the relatively small Li+ and F− ions strongly influences the probability of forming large, crystal-like ion clusters, which are a necessary precursor to nucleation. This importan...},
	author = {Lanaro, G. and Patey, G. N.},
	doi = {10.1063/1.5001521},
	issn = {0021-9606},
	journal = {Journal of Chemical Physics},
	keywords = {crystal growth from solution,lithium compounds,molecular dynamics method,nucleation,solvation},
	mendeley-groups = {Nucleation,QM{\_}Lithium{\_}Halides},
	month = {Jan},
	number = {2},
	pages = {024507},
	publisher = {AIP Publishing LLC},
	title = {{The influence of ion hydration on nucleation and growth of LiF crystals in aqueous solution}},
	url = {http://aip.scitation.org/doi/10.1063/1.5001521},
	volume = {148},
	year = {2018}
}

@article{Tosi1964,
	author = {Tosi, M P and Fumi, F G},
	doi = {https://doi.org/10.1016/0022-3697(64)90160-X},
	issn = {0022-3697},
	journal = {Journal of Physics and Chemistry of Solids},
	mendeley-groups = {QM{\_}Lithium{\_}Halides},
	number = {1},
	pages = {45--52},
	title = {{Ionic sizes and born repulsive parameters in the NaCl-type alkali halides II: The generalized Huggins-Mayer form}},
	url = {http://www.sciencedirect.com/science/article/pii/002236976490160X},
	volume = {25},
	year = {1964}
}

@article{Fumi1964,
	abstract = {The Born model of ionic solids is shown to permit the complete determination from solid-state data of crystal radii for the alkali and halogen ions in the individual alkali halides with the NaCl structure, which are directly comparable with the experimental crystal radii deducible from the X-ray maps for the electron distribution in the crystal. The determination is based on the direct relationships which are established, by a physical interpretation of the observed approximate additivity of the interionic distance, between the crystal radii and the parameters entering plausible expressions for the first and second neighbor contributions to the Born repulsive energy. Two different forms of the repulsive energy are considered : the Huggins-Mayer form, having an exponential dependence on the ionic distance with a hardness parameter common to the family of salts, and the Pauling form, having an inverse-power dependence on the ionic distance, again with a common hardness parameter. The parameters for these forms are determined from solid-state data by a Huggins-type procedure. The crystal radii of the alkali and halogen ions in the NaCl structure obtained with the Huggins-Mayer form are, respectively, larger and smaller than the traditional crystal radii by about two-tenths of an angstrom. Their uncertainty is estimated to be about 0.05 {\AA} by comparison with the crystal radii obtained with the Pauling form. The crystal radii of the ions in NaCl and LiF agree rather closely with those deduced from the X-ray maps of the electron distribution available for these crystals. The value of the determination of electron maps for other alkali halide crystals is emphasized, to test in particular the significance of the small regular variations of the crystal radius of an ion from crystal to crystal suggested by the calculations. The applicability of the Born model procedure for the determination of crystal radii to other families of ionic solids is pointed out.},
	author = {Fumi, F.G. and Tosi, M.P.},
	doi = {10.1016/0022-3697(64)90159-3},
	issn = {0022-3697},
	journal = {Journal of Physics and Chemistry of Solids},
	mendeley-groups = {Nucleation},
	month = {jan},
	number = {1},
	pages = {31--43},
	publisher = {Pergamon},
	title = {{Ionic sizes and born repulsive parameters in the NaCl-type alkali halides I: The Huggins-Mayer and Pauling forms}},
	url = {https://www.sciencedirect.com/science/article/pii/0022369764901593},
	volume = {25},
	year = {1964}
}

@article{Joung2008,
	annote = {PMID: 18593145},
	author = {Joung, In Suk and Cheatham, Thomas E},
	doi = {10.1021/jp8001614},
	journal = {Journal of Physical Chemistry B},
	mendeley-groups = {QM{\_}Lithium{\_}Halides},
	number = {30},
	pages = {9020--9041},
	title = {{Determination of Alkali and Halide Monovalent Ion Parameters for Use in Explicitly Solvated Biomolecular Simulations}},
	url = {https://doi.org/10.1021/jp8001614},
	volume = {112},
	year = {2008}
}

@article{Lanaro2017,
	author = {Lanaro, G. and Patey, G. N.},
	doi = {10.1063/1.4979926},
	issn = {00219606},
	journal = {Journal of Chemical Physics},
	mendeley-groups = {QM{\_}Lithium{\_}Halides},
	number = {15},
	title = {{Crystal structures of model lithium halides in bulk phase and in clusters}},
	volume = {146},
	year = {2017}
}

@article{Booth1950,
	title={Solubilities of Salts in Water at High Temperatures},
	author={H. S. Booth and R. M. Bidwell},
	journal={J. Am. Chem. Soc.},
	volume={72},
	pages={2567},
	year={1950},
	publisher={ACS Publications}
}


@article{Ott1926,
	author = {Ott, H},
	journal = {Zeitschrift fuer Kristallographie},
	mendeley-groups = {QM{\_}Lithium{\_}Halides},
	pages = {222--230},
	title = {{Die Strukturen von MnO, MnS, AgF, NiS, SnI{\$}{\_}4{\$}, SrCl{\$}{\_}2{\$}, BaF{\$}{\_}2{\$}, Praezisionsmessungen einiger Alkalihalogenide.}},
	volume = {63},
	year = {1926}
}

@article{Ievina1938,
	author = {Ievinǎ, A. and Straumanis, M. and Karlsons, K.},
	doi = {10.1515/zpch-1938-4009},
	issn = {2196-7156},
	journal = {Zeitschrift f{\"{u}}r Physikalische Chemie},
	mendeley-groups = {QM{\_}Lithium{\_}Halides},
	month = {jan},
	number = {1},
	pages = {146--150},
	publisher = {De Gruyter Oldenbourg},
	title = {{Pr{\"{a}}zisionsbestimmung von Gitterkonstanten hygroskopischer Verbindungen (LiCl, NaBr)}},
	url = {http://www.degruyter.com/view/j/zpch.1938.40.issue-1/zpch-1938-4009/zpch-1938-4009.xml},
	volume = {40B},
	year = {1938}
}

@article{ott1923raumgitter,
	title={Die raumgitter der lithiumhalogenide},
	author={Ott, H},
	journal={Physikalische Zeitschrift},
	volume={24},
	pages={209--213},
	year={1923}
}

@book{szabo2012modern,
	title={Modern quantum chemistry: introduction to advanced electronic structure theory},
	author={Szabo, Attila and Ostlund, Neil S},
	year={2012},
	publisher={Courier Corporation}
}

@article{Perdew1996,
	author = {Perdew, John P and Burke, Kieron and Ernzerhof, Matthias},
	doi = {10.1103/PhysRevLett.77.3865},
	journal = {Phys. Rev. Lett.},
	mendeley-groups = {QM{\_}Lithium{\_}Halides},
	month = {oct},
	number = {18},
	pages = {3865--3868},
	publisher = {American Physical Society},
	title = {{Generalized Gradient Approximation Made Simple}},
	url = {https://link.aps.org/doi/10.1103/PhysRevLett.77.3865},
	volume = {77},
	year = {1996}
}

@article{dirac_1930, 
	title={Note on Exchange Phenomena in the Thomas Atom}, 
	volume={26}, 
	DOI={10.1017/S0305004100016108}, 
	number={3}, 
	journal={Mathematical Proceedings of the Cambridge Philosophical Society}, 
	publisher={Cambridge University Press}, 
	author={Dirac, P. A. M.}, 
	year={1930}, 
	pages={376–385}
}

@article{Vosko1980,
	author = {Vosko, S. H. and Wilk, L. and Nusair, M.},
	title = {Accurate spin-dependent electron liquid correlation energies for local spin density calculations: a critical analysis},
	journal = {Canadian Journal of Physics},
	volume = {58},
	number = {8},
	pages = {1200-1211},
	year = {1980},
	doi = {10.1139/p80-159},
	URL = {https://doi.org/10.1139/p80-159},
	eprint = {https://doi.org/10.1139/p80-159}
}

@article{Zhao2006,
	author = {Zhao, Yan and Truhlar, Donald G. },
	title = {A new local density functional for main-group thermochemistry, transition metal bonding, thermochemical kinetics, and noncovalent interactions},
	journal = {Journal of Chemical Physics},
	volume = {125},
	number = {19},
	pages = {194101},
	year = {2006},
	doi = {10.1063/1.2370993},
	URL = {https://doi.org/10.1063/1.2370993},
	eprint = {https://doi.org/10.1063/1.2370993}
}

@Article{Zhao2008,
	author="Zhao, Yan and Truhlar, Donald G.",
	title="The M06 suite of density functionals for main group thermochemistry, thermochemical kinetics, noncovalent interactions, excited states, and transition elements: two new functionals and systematic testing of four M06-class functionals and 12 other functionals",
	journal="Theoretical Chemistry Accounts",
	year="2008",
	month="May",
	day="01",
	volume="120",
	number="1",
	pages="215--241",
	abstract="We present two new hybrid meta exchange- correlation functionals, called M06 and M06-2X. The M06 functional is parametrized including both transition metals and nonmetals, whereas the M06-2X functional is a high-nonlocality functional with double the amount of nonlocal exchange (2X), and it is parametrized only for nonmetals.The functionals, along with the previously published M06-L local functional and the M06-HF full-Hartree--Fock functionals, constitute the M06 suite of complementary functionals. We assess these four functionals by comparing their performance to that of 12 other functionals and Hartree--Fock theory for 403 energetic data in 29 diverse databases, including ten databases for thermochemistry, four databases for kinetics, eight databases for noncovalent interactions, three databases for transition metal bonding, one database for metal atom excitation energies, and three databases for molecular excitation energies. We also illustrate the performance of these 17 methods for three databases containing 40 bond lengths and for databases containing 38 vibrational frequencies and 15 vibrational zero point energies. We recommend the M06-2X functional for applications involving main-group thermochemistry, kinetics, noncovalent interactions, and electronic excitation energies to valence and Rydberg states. We recommend the M06 functional for application in organometallic and inorganometallic chemistry and for noncovalent interactions.",
	issn="1432-2234",
	doi="10.1007/s00214-007-0310-x",
	url="https://doi.org/10.1007/s00214-007-0310-x"
}


@article{Becke1993,
	author = {Becke,Axel D. },
	title = {Density‐functional thermochemistry. III. The role of exact exchange},
	journal = {Journal of Chemical Physics},
	volume = {98},
	number = {7},
	pages = {5648-5652},
	year = {1993},
	doi = {10.1063/1.464913},
	URL = {https://doi.org/10.1063/1.464913},
	eprint = {https://doi.org/10.1063/1.464913}
}

@article{stephens1994,
	title={Ab initio calculation of vibrational absorption and circular dichroism spectra using density functional force fields},
	author={Stephens, PJ and Devlin, FJ and Chabalowski, CFN and Frisch, Michael J},
	journal={Journal of Physical Chemistry},
	volume={98},
	number={45},
	pages={11623--11627},
	year={1994},
	publisher={ACS Publications}
}

@article{becke1988,
	title={Density-functional exchange-energy approximation with correct asymptotic behavior},
	author={Becke, Axel D},
	journal={Physical Review A},
	volume={38},
	number={6},
	pages={3098},
	year={1988},
	publisher={APS}
}

@article{lee1988,
	title={Development of the Colle-Salvetti correlation-energy formula into a functional of the electron density},
	author={Lee, Chengteh and Yang, Weitao and Parr, Robert G},
	journal={Physical Review B},
	volume={37},
	number={2},
	pages={785},
	year={1988},
	publisher={APS}
}

@article{krukau2006,
	title={Influence of the exchange screening parameter on the performance of screened hybrid functionals},
	author={Krukau, Aliaksandr V and Vydrov, Oleg A and Izmaylov, Artur F and Scuseria, Gustavo E},
	journal={Journal of Chemical Physics},
	volume={125},
	number={22},
	pages={224106},
	year={2006},
	publisher={AIP}
}

@article{schimka2011,
	title={Improved hybrid functional for solids: The HSEsol functional},
	author={Schimka, Laurids and Harl, Judith and Kresse, Georg},
	journal={Journal of Chemical Physics},
	volume={134},
	number={2},
	pages={024116},
	year={2011},
	publisher={AIP}
}

@article{perdew2008PBEsol,
	title={Restoring the density-gradient expansion for exchange in solids and surfaces},
	author={Perdew, John P and Ruzsinszky, Adrienn and Csonka, G{\'a}bor I and Vydrov, Oleg A and Scuseria, Gustavo E and Constantin, Lucian A and Zhou, Xiaolan and Burke, Kieron},
	journal={Physical Review Letters},
	volume={100},
	number={13},
	pages={136406},
	year={2008},
	publisher={APS}
}

@article{ernzerhof1997coupling,
	title={Coupling-constant dependence of atomization energies},
	author={Ernzerhof, Matthias and Perdew, John P and Burke, Kieron},
	journal={International Journal of Quantum Chemistry},
	volume={64},
	number={3},
	pages={285--295},
	year={1997},
	publisher={Wiley Online Library}
}

@article{he2014accuracy,
	title={Accuracy of generalized gradient approximation functionals for density-functional perturbation theory calculations},
	author={He, Lianhua and Liu, Fang and Hautier, Geoffroy and Oliveira, Micael JT and Marques, Miguel AL and Vila, Fernando D and Rehr, JJ and Rignanese, G-M and Zhou, Aihui},
	journal={Physical Review B},
	volume={89},
	number={6},
	pages={064305},
	year={2014},
	publisher={APS}
}


@article{perdew1992pair,
	title={Pair-distribution function and its coupling-constant average for the spin-polarized electron gas},
	author={Perdew, John P and Wang, Yue},
	journal={Physical Review B},
	volume={46},
	number={20},
	pages={12947},
	year={1992},
	publisher={APS}
}


@article{baima2016_PDOS,
	title={Thermodynamics and phonon dispersion of pyrope and grossular silicate garnets from ab initio simulations},
	author={Baima, Jacopo and Ferrabone, Matteo and Orlando, Roberto and Erba, Alessandro and Dovesi, Roberto},
	journal={Physics and Chemistry of Minerals},
	volume={43},
	number={2},
	pages={137--149},
	year={2016},
	publisher={Springer}
}

@article{monkhorst1976,
	title={Special points for Brillouin-zone integrations},
	author={Monkhorst, Hendrik J and Pack, James D},
	journal={Physical Review B},
	volume={13},
	number={12},
	pages={5188},
	year={1976},
	publisher={APS}
}


@article{tosoni2007,
	title={A comparison between plane wave and Gaussian-type orbital basis sets for hydrogen bonded systems: Formic acid as a test case},
	author={Tosoni, Sergio and Tuma, Christian and Sauer, Joachim and Civalleri, Bartolomeo and Ugliengo, Piero},
	journal={Journal of Chemical Physics},
	volume={127},
	number={15},
	pages={154102},
	year={2007},
	publisher={AIP}
}

@article{pulay1980convergence,
	title={Convergence acceleration of iterative sequences. The case of SCF iteration},
	author={Pulay, P{\'e}ter},
	journal={Chemical Physics Letters},
	volume={73},
	number={2},
	pages={393--398},
	year={1980},
	publisher={Elsevier}
}

@article{pulay1982improved,
	title={Improved SCF convergence acceleration},
	author={Pulay, Peter},
	journal={Journal of Computational Chemistry},
	volume={3},
	number={4},
	pages={556--560},
	year={1982},
	publisher={Wiley Online Library}
}


@article{erba2014high,
	title={High pressure elastic properties of minerals from ab initio simulations: The case of pyrope, grossular and andradite silicate garnets},
	author={Erba, Alessandro and Mahmoud, A and Belmonte, D and Dovesi, Roberto},
	journal={Journal of Chemical Physics},
	volume={140},
	number={12},
	pages={124703},
	year={2014},
	publisher={AIP}
}

@article{Lanaro2016,
	abstract = {Molecular dynamics simulations are used to investigate the factors that influence the nucleation of NaCl crystals in a supersaturated aqueous solution. We describe a methodology for detecting solidlike NaCl clusters (potential nuclei) and following their evolution in time until they achieve nucleation (which is very rare) or dissolve back into solution. Through an analysis of cluster lifetimes and multiple nucleation events, we demonstrate that cluster size is not the only property that influences cluster stability and the probability of achieving nucleation. We introduce a parameter called cluster crystallinity, which is a measure of the solidlike order in a particular cluster. We show that cluster order (as measured by this parameter) has a strong influence on the lifetime and nucleation probability of clusters of equal sizes, with the lifetime and probability of nucleation increasing with increasing crystallinity. These observations remain true for clusters as small as six ions, showing that the struct...},
	author = {Lanaro, G. and Patey, G. N.},
	doi = {10.1021/acs.jpcb.6b05291},
	issn = {1520-6106},
	journal = {Journal of Physical Chemistry B},
	mendeley-groups = {QM{\_}Lithium{\_}Halides},
	month = {sep},
	number = {34},
	pages = {9076--9087},
	publisher = {American Chemical Society},
	title = {{Birth of NaCl Crystals: Insights from Molecular Simulations}},
	url = {http://pubs.acs.org/doi/10.1021/acs.jpcb.6b05291},
	volume = {120},
	year = {2016}
}

@article{froyen1984,
	title={Structural properties of NaCl},
	author={Froyen, Sverre and Cohen, Marvin L},
	journal={Physical Review B},
	volume={29},
	number={6},
	pages={3770},
	year={1984},
	publisher={APS}
}

@article{hohenberg1964inhomogeneous,
	title={Inhomogeneous electron gas},
	author={Hohenberg, Pierre and Kohn, Walter},
	journal={Physical review},
	volume={136},
	number={3B},
	pages={B864},
	year={1964},
	publisher={APS}
}

@article{kohn1965self,
	title={Self-consistent equations including exchange and correlation effects},
	author={Kohn, Walter and Sham, Lu Jeu},
	journal={Physical Review},
	volume={140},
	number={4A},
	pages={A1133},
	year={1965},
	publisher={APS}
}

@article{liebold2008experimental,
	title={Experimental substantiation of the “energy landscape concept” for solids: synthesis of a new modification of LiBr},
	author={Liebold-Ribeiro, Yvonne and Fischer, Dieter and Jansen, Martin},
	journal={Angew. Chem. Int.},
	volume={47},
	number={23},
	pages={4428--4431},
	year={2008},
	publisher={Wiley Online Library}
}

@article{ojamae1994structural,
	title={Structural, vibrational and electronic properties of a crystalline hydrate from ab initio periodic Hartree--Fock calculations},
	author={Ojam{\"a}e, L and Hermansson, KERSTI and Pisani, CESARE and Caus{\`a}, MAURO and Roetti, CARLA},
	journal={Acta Crystallographica Section B: Structural Science},
	volume={50},
	number={3},
	pages={268--279},
	year={1994},
	publisher={International Union of Crystallography}
}

@article{nada1993ab,
	title={An ab-initio Hartree-Fock perturbed-cluster study of neutral defects in LiF},
	author={Nada, R and Catlow, CRA and Pisani, C and Orlando, Roberto},
	journal={Modelling and Simulation in Materials Science and Engineering},
	volume={1},
	number={2},
	pages={165},
	year={1993},
	publisher={IOP Publishing}
}

@article{apra1993structural,
	title={On the structural properties of NaCl: an ab initio study of the B1-B2 phase transition},
	author={Apra, E and Causa, M and Prencipe, Mauro and Dovesi, Roberto and Saunders, VR},
	journal={Journal of Physics: Condensed Matter},
	volume={5},
	number={18},
	pages={2969},
	year={1993},
	publisher={IOP Publishing}
}

@article{doll1998ground,
	title={Ground-state properties of heavy alkali halides},
	author={Doll, Klaus and Stoll, Hermann},
	journal={Physical Review B},
	volume={57},
	number={8},
	pages={4327},
	year={1998},
	publisher={APS}
}

@article{hehre1969program,
	title={Program No. 236, Quantum Chemistry Program Exchange, Indiana University, Bloomington, Indiana;(b) WJ Hehre, RF Stewart, and JA Pople},
	author={Hehre, WJ and Lathan, WA and Ditchfield, R and Newton, MD},
	journal={J. Chem. Phys},
	volume={2},
	pages={2657},
	year={1969}
}

@article{hehre1970r,
	title={R. Ditchfield, RF Stewart, and JA Pople},
	author={Hehre, WJ},
	journal={J. Chem. Phys},
	volume={52},
	pages={2769},
	year={1970}
}

@article{pietro1980molecular,
	title={Molecular orbital theory of the properties of inorganic and organometallic compounds. 1. STO-NG basis sets for third-row main-group elements},
	author={Pietro, William J and Levi, Beverly A and Hehre, Warren J and Stewart, Robert F},
	journal={Inorganic Chemistry},
	volume={19},
	number={8},
	pages={2225--2229},
	year={1980},
	publisher={ACS Publications}
}

@article{pietro1981molecular,
	title={Molecular orbital theory of the properties of inorganic and organometallic compounds. 2. STO-NG basis sets for fourth-row main-group elements},
	author={Pietro, William J and Blurock, Edward S and Hout Jr, Robert F and Hehre, Warren J and DeFrees, Douglas J and Stewart, Robert F},
	journal={Inorganic Chemistry},
	volume={20},
	number={11},
	pages={3650--3654},
	year={1981},
	publisher={ACS Publications}
}

@article{grimme2016dispersion,
	title={Dispersion-corrected mean-field electronic structure methods},
	author={Grimme, Stefan and Hansen, Andreas and Brandenburg, Jan Gerit and Bannwarth, Christoph},
	journal={Chemical Reviews},
	volume={116},
	number={9},
	pages={5105--5154},
	year={2016},
	publisher={ACS Publications}
}

@article{kruse2012geometrical,
	title={A geometrical correction for the inter-and intra-molecular basis set superposition error in Hartree-Fock and density functional theory calculations for large systems},
	author={Kruse, Holger and Grimme, Stefan},
	journal={Journal of Chemical Physics},
	volume={136},
	number={15},
	pages={04B613},
	year={2012},
	publisher={AIP}
}

@article{mayer1983towards,
	title={Towards a “chemical” hamiltonian},
	author={Mayer, I},
	journal={International Journal of Quantum Chemistry},
	volume={23},
	number={2},
	pages={341--363},
	year={1983},
	publisher={Wiley Online Library}
}

@article{boys1970calculation,
	title={The calculation of small molecular interactions by the differences of separate total energies. Some procedures with reduced errors},
	author={Boys, S F\_ and Bernardi, Fiorenza de},
	journal={Molecular Physics},
	volume={19},
	number={4},
	pages={553--566},
	year={1970},
	publisher={Taylor \& Francis}
}

@misc{gromacs2018manual,
	title={GROMACS Reference Manual Version 2018},
	author={E. Lindahl and B. Hess and M.J. Abraham and D. van der Spoel and the GROMACS development team},
	year={2018},
	howpublished={www.gromacs.org}
}

@article{abraham2015gromacs,
	title={GROMACS: High performance molecular simulations through multi-level parallelism from laptops to supercomputers},
	author={Abraham, Mark James and Murtola, Teemu and Schulz, Roland and P{\'a}ll, Szil{\'a}rd and Smith, Jeremy C and Hess, Berk and Lindahl, Erik},
	journal={SoftwareX},
	volume={1},
	pages={19--25},
	year={2015},
	publisher={Elsevier}
}

@article{Cancarevic2008,
	title={Stability of alkali metal halide polymorphs as a function of pressure},
	author={{\v{C}}an{\v{c}}arevi{\'c}, {\v{Z}}eljko P and Schoen, J Christian and Jansen, Martin},
	journal={Chemistry--An Asian Journal},
	volume={3},
	number={3},
	pages={561--572},
	year={2008},
	publisher={Wiley Online Library}
}

@article{fischer2004existiert,
	title={Existiert eine Wurtzit-Modifikation von Lithiumbromid?—Untersuchungen im System LiBr/LiI—},
	author={Fischer, Dieter and Mueller, Adolf and Jansen, Martin},
	journal={Z. Anorg. Allg. Chem.},
	volume={630},
	number={15},
	pages={2697--2700},
	year={2004},
	publisher={Wiley Online Library}
}

@article{bach2009synthesis,
	title={Synthesis of a New Modification of Lithium Chloride Confirming Theoretical Predictions},
	author={Bach, Andreas and Fischer, Dieter and Jansen, Martin},
	journal={Z. Anorg. Allg. Chem.},
	volume={635},
	number={15},
	pages={2406--2409},
	year={2009},
	publisher={Wiley Online Library}
}

@article{berendsen1987missing,
	title={The missing term in effective pair potentials},
	author={Berendsen, HJC and Grigera, JR and Straatsma, TP},
	journal={Journal of Physical Chemistry},
	volume={91},
	number={24},
	pages={6269--6271},
	year={1987},
	publisher={ACS Publications}
}

@article{ladd1959calculation,
	title={The calculation of lattice energies},
	author={Ladd, MFC and Lee, WH},
	journal={Journal of Inorganic and Nuclear Chemistry},
	volume={11},
	number={4},
	pages={264--271},
	year={1959},
	publisher={Elsevier}
}

@article{burns2011density,
	title={Density-functional approaches to noncovalent interactions: a comparison of dispersion corrections (DFT-D), exchange-hole dipole moment (XDM) theory, and specialized functionals},
	author={Burns, Lori A and Mayagoitia, {\'A}lvaro V{\'a}zquez- and Sumpter, Bobby G and Sherrill, C David},
	journal={Journal of Chemical Physics},
	volume={134},
	number={8},
	pages={084107},
	year={2011},
	publisher={AIP}
}

@article{chase1998nist,
	title={NIST-JANAF thermochemical tables fourth edition},
	author={Chase Jr, MW},
	journal={J. Phys. Chem. Ref. Data, Monograph},
	volume={9},
	year={1998}
}

@misc{cox1984codata,
	title={CODATA Key Values for Thermodynamics, 1 New York},
	author={Cox, JD and Wagman, DD and Medvedev, VA},
	year={1984},
	publisher={Hemisphere Publishing Corp}
}

@article{pascale2004calculation,
	title={The calculation of the vibrational frequencies of crystalline compounds and its implementation in the CRYSTAL code},
	author={Pascale, Fabien and Zicovich-Wilson, Claudio Marcelo and Lopez Gejo, F and Civalleri, Bartolomeo and Orlando, Roberto and Dovesi, Roberto},
	journal={J. Comput. Chem.},
	volume={25},
	number={6},
	pages={888--897},
	year={2004},
	publisher={Wiley Online Library}
}

@article{zicovich2004calculation,
	title={Calculation of the vibration frequencies of $\alpha$-quartz: The effect of Hamiltonian and basis set},
	author={Zicovich-Wilson, CM and Pascale, F and Roetti, Carla and Saunders, VR and Orlando, Roberto and Dovesi, Roberto},
	journal={Journal of computational chemistry},
	volume={25},
	number={15},
	pages={1873--1881},
	year={2004},
	publisher={Wiley Online Library}
}

@book{sirdeshmukh2013alkali,
	title={Alkali Halides: A Handbook of Physical Properties},
	author={Sirdeshmukh, Dinker B and Sirdeshmukh, Lalitha and Subhadra, KG},
	volume={49},
	year={2013},
	publisher={Springer Science \& Business Media}
}

@article{darden1993particle,
	title={Particle mesh Ewald: An N⋅ log (N) method for Ewald sums in large systems},
	author={Darden, Tom and York, Darrin and Pedersen, Lee},
	journal={Journal of Chemical Physics},
	volume={98},
	number={12},
	pages={10089--10092},
	year={1993},
	publisher={AIP}
}

@article{smith1965crystal,
	title={The crystal structure of $\beta$-beryllia},
	author={Smith, DK and Cline, CF and Austerman, SB},
	journal={Acta Crystallographica},
	volume={18},
	number={3},
	pages={393--397},
	year={1965},
	publisher={International Union of Crystallography}
}

@article{schon1995determination,
	title={Determination of candidate structures for simple ionic compounds through cell optimisation},
	author={Sch{\"o}n, JC and Jansen, M},
	journal={Computational materials science},
	volume={4},
	number={1},
	pages={43--58},
	year={1995},
	publisher={Elsevier}
}

@article{lorentz1881ueber,
	title={Ueber die Anwendung des Satzes vom Virial in der kinetischen Theorie der Gase},
	author={Lorentz, HA},
	journal={Ann. der Phys.},
	volume={248},
	number={1},
	pages={127--136},
	year={1881},
	publisher={Wiley Online Library}
}

@article{berthelot1898melange,
	title={Sur le m{\'e}lange des gaz},
	author={Berthelot, Daniel},
	journal={Compt. Rendus},
	volume={126},
	pages={1703--1706},
	year={1898}
}

@article{peterson2006spectroscopic,
	title={On the spectroscopic and thermochemical properties of ClO, BrO, IO, and their anions},
	author={Peterson, Kirk A and Shepler, Benjamin C and Figgen, Detlev and Stoll, Hermann},
	journal={Journal of Physical Chemistry A},
	volume={110},
	number={51},
	pages={13877--13883},
	year={2006},
	publisher={ACS Publications}
}

@article{madelung1918elektrische,
	title={Das elektrische Feld in Systemen von regelm{\"a}{\ss}ig angeordneten Punktladungen},
	author={Madelung, Erwin},
	journal={Phys. Z},
	volume={19},
	number={524},
	pages={32},
	year={1918}
}

@misc{ECPDatabase,
	author = {University of Cologne},
	title = {ECP Database},
	note = {Accessed: 2019-07-25},
	howpublished = {http://www.tc.uni-koeln.de/PP/clickpse.en.html}
}

@article{broyden1965class,
	title={A class of methods for solving nonlinear simultaneous equations},
	author={Broyden, Charles G},
	journal={Math. of Comput.},
	volume={19},
	number={92},
	pages={577--593},
	year={1965},
	publisher={JSTOR}
}

@article{johnson1988modified,
	title={Modified Broyden’s method for accelerating convergence in self-consistent calculations},
	author={Johnson, Duane D},
	journal={Physical Review B},
	volume={38},
	number={18},
	pages={12807},
	year={1988},
	publisher={APS}
}


@article{guest1974methods,
	title={On methods for converging open-shell Hartree-Fock wave-functions},
	author={Guest, MF and Saunders, VR},
	journal={Molecular Physics},
	volume={28},
	number={3},
	pages={819--828},
	year={1974},
	publisher={Taylor \& Francis}
}

@article{brandenburg2013geometrical,
	title={Geometrical correction for the inter-and intramolecular basis set superposition error in periodic density functional theory calculations},
	author={Brandenburg, Jan Gerit and Alessio, Maristella and Civalleri, Bartolomeo and Peintinger, Michael F and Bredow, Thomas and Grimme, Stefan},
	journal={Journal of Physical Chemistry A},
	volume={117},
	number={38},
	pages={9282--9292},
	year={2013},
	publisher={ACS Publications}
}

@article{blondel2001electron,
	title={Electron spectrometry at the $\mu$eV level and the electron affinities of Si and F},
	author={Blondel, Christophe and Delsart, Christian and Goldfarb, Fabienne},
	journal={Journal of Physics B: Atomic, Molecular and Optical Physics},
	volume={34},
	number={9},
	pages={L281},
	year={2001},
	publisher={IOP Publishing}
}

@article{berzinsh1995isotope,
	title={Isotope shift in the electron affinity of chlorine},
	author={Berzinsh, Uldis and Gustafsson, Morgan and Hanstorp, Dag and Klinkm{\"u}ller, A and Ljungblad, Ulric and M{\aa}rtensson-Pendrill, A-M},
	journal={Physical Review A},
	volume={51},
	number={1},
	pages={231},
	year={1995},
	publisher={APS}
}

@article{blondel1989high,
	title={High-resolution determination of the electron affinity of fluorine and bromine using crossed ion and laser beams},
	author={Blondel, C and Cacciani, P and Delsart, C and Trainham, R},
	journal={Physical Review A},
	volume={40},
	number={7},
	pages={3698},
	year={1989},
	publisher={APS}
}

@article{pelaez2009pulsed,
	title={Pulsed photodetachment microscopy and the electron affinity of iodine},
	author={Pel{\'a}ez, RJ and Blondel, C and Delsart, C and Drag, C},
	journal={Journal of Physics B: Atomic, Molecular and Optical Physics},
	volume={42},
	number={12},
	pages={125001},
	year={2009},
	publisher={IOP Publishing}
}

@article{bushaw2007ionization,
	title={Ionization energy of Li 6, 7 determined by triple-resonance laser spectroscopy},
	author={Bushaw, Bruce A and N{\"o}rtersh{\"a}user, W and Drake, Gordon WF and Kluge, H-J},
	journal={Physical Review A},
	volume={75},
	number={5},
	pages={052503},
	year={2007},
	publisher={APS}
}

@article{ciocca1992precision,
	title={Precision Stark spectroscopy of sodium: Improved values for the ionization limit and bound states},
	author={Ciocca, M and Burkhardt, CE and Leventhal, JJ and Bergeman, T},
	journal={Physical Review A},
	volume={45},
	number={7},
	pages={4720},
	year={1992},
	publisher={APS}
}


@article{ewald1921berechnung,
	title={Die Berechnung optischer und elektrostatischer Gitterpotentiale},
	author={Ewald, Paul P},
	journal={Ann. Phys.},
	volume={369},
	number={3},
	pages={253--287},
	year={1921},
	publisher={Wiley Online Library}
}

@article{alsen1925rontgenographische,
	title={R{\"o}ntgenographische Untersuchung der Kristallstrukturen von Magnetkies, Breithauptit, Pentlandit, Millerit und verwandten Verbindungen},
	author={Als{\'e}n, Nils},
	journal={Geol. Foren. Stock. For.},
	volume={47},
	number={1},
	pages={19--72},
	year={1925},
	publisher={Taylor \& Francis}
}


@article{born1927quantentheorie,
	title={Zur quantentheorie der molekeln},
	author={Born, Max and Oppenheimer, Robert},
	journal={Ann. Phys.},
	volume={389},
	number={20},
	pages={457--484},
	year={1927},
	publisher={Wiley Online Library}
}

@article{erba2014combining,
	title={On combining temperature and pressure effects on structural properties of crystals with standard ab initio techniques},
	author={Erba, Alessandro},
	journal={The Journal of chemical physics},
	volume={141},
	number={12},
	pages={124115},
	year={2014},
	publisher={AIP}
}

@article{erba2015differently,
	title={On how differently the quasi-harmonic approximation works for two isostructural crystals: Thermal properties of periclase and lime},
	author={Erba, Alessandro and Shahrokhi, M and Moradian, R and Dovesi, Roberto},
	journal={The Journal of chemical physics},
	volume={142},
	number={4},
	pages={044114},
	year={2015},
	publisher={AIP Publishing}
}

@article{erba2015structural,
	title={Structural and elastic anisotropy of crystals at high pressures and temperatures from quantum mechanical methods: The case of Mg2SiO4 forsterite},
	author={Erba, Alessandro and Maul, J and De La Pierre, Marco and Dovesi, Roberto},
	journal={The Journal of chemical physics},
	volume={142},
	number={20},
	pages={204502},
	year={2015},
	publisher={AIP Publishing}
}

@article{erba2015anharmonic,
	title={Anharmonic thermal oscillations of the electron momentum distribution in lithium fluoride},
	author={Erba, Alessandro and Maul, J and Itou, M and Dovesi, Roberto and Sakurai, Y},
	journal={Physical review letters},
	volume={115},
	number={11},
	pages={117402},
	year={2015},
	publisher={APS}
}

@article{hartree1935self,
	title={Self-consistent field, with exchange, for beryllium},
	author={Hartree, Douglas Rayner and Hartree, W},
	journal={P. Roy. Soc. A-Math. Phy.},
	volume={150},
	number={869},
	pages={9--33},
	year={1935},
	publisher={The Royal Society London}
}

@article{schlegel1984estimating,
	title={Estimating the Hessian for gradient-type geometry optimizations},
	author={Schlegel, H Bernhard},
	journal={Theoretica chimica acta},
	volume={66},
	number={5},
	pages={333--340},
	year={1984},
	publisher={Springer}
}

@article{wittbrodt1997estimating,
	title={Estimating stretching force constants for geometry optimization},
	author={Wittbrodt, Joanne M and Schlegel, H Bernhard},
	journal={Journal of Molecular Structure: THEOCHEM},
	volume={398},
	pages={55--61},
	year={1997},
	publisher={Elsevier}
}

@article{broyden1970convergence,
	title={The convergence of a class of double-rank minimization algorithms 1. general considerations},
	author={Broyden, Charles George},
	journal={IMA Journal of Applied Mathematics},
	volume={6},
	number={1},
	pages={76--90},
	year={1970},
	publisher={Oxford University Press}
}

@article{broyden1970convergence2,
	title={The convergence of a class of double-rank minimization algorithms: 2. The new algorithm},
	author={Broyden, Charles G},
	journal={IMA journal of applied mathematics},
	volume={6},
	number={3},
	pages={222--231},
	year={1970},
	publisher={Oxford University Press}
}

@article{fletcher1970new,
	author = {Fletcher, R.},
	title = "{A new approach to variable metric algorithms}",
	journal = {The Computer Journal},
	volume = {13},
	number = {3},
	pages = {317-322},
	year = {1970},
	month = {01},
	issn = {0010-4620},
	doi = {10.1093/comjnl/13.3.317},
	url = {https://doi.org/10.1093/comjnl/13.3.317},
	eprint = {http://oup.prod.sis.lan/comjnl/article-pdf/13/3/317/988678/130317.pdf},
}

@article{goldfarb1970family,
	title={A family of variable-metric methods derived by variational means},
	author={Goldfarb, Donald},
	journal={Mathematics of computation},
	volume={24},
	number={109},
	pages={23--26},
	year={1970}
}

@article{shanno1970conditioning,
	ISSN = {00255718, 10886842},
	URL = {http://www.jstor.org/stable/2004840},
	author = {D. F. Shanno},
	journal = {Mathematics of Computation},
	number = {111},
	pages = {647--656},
	publisher = {American Mathematical Society},
	title = {Conditioning of Quasi-Newton Methods for Function Minimization},
	volume = {24},
	year = {1970}
}

@article{essmann1995smooth,
	title={A smooth particle mesh Ewald method},
	author={Essmann, Ulrich and Perera, Lalith and Berkowitz, Max L and Darden, Tom and Lee, Hsing and Pedersen, Lee G},
	journal={The Journal of chemical physics},
	volume={103},
	number={19},
	pages={8577--8593},
	year={1995},
	publisher={AIP}
}

@article{jorgensen1983comparison,
	title={Comparison of simple potential functions for simulating liquid water},
	author={Jorgensen, William L and Chandrasekhar, Jayaraman and Madura, Jeffry D and Impey, Roger W and Klein, Michael L},
	journal={The Journal of chemical physics},
	volume={79},
	number={2},
	pages={926--935},
	year={1983},
	publisher={AIP}
}

@article{horn2004development,
	title={Development of an improved four-site water model for biomolecular simulations: TIP4P-Ew},
	author={Horn, Hans W and Swope, William C and Pitera, Jed W and Madura, Jeffry D and Dick, Thomas J and Hura, Greg L and Head-Gordon, Teresa},
	journal={The Journal of chemical physics},
	volume={120},
	number={20},
	pages={9665--9678},
	year={2004},
	publisher={AIP}
}

@article{armijo1966minimization,
	title={Minimization of functions having Lipschitz continuous first partial derivatives},
	author={Armijo, Larry},
	journal={Pacific Journal of mathematics},
	volume={16},
	number={1},
	pages={1--3},
	year={1966},
	publisher={Mathematical Sciences Publishers}
}

@book{dennis1996numerical,
	title={Numerical methods for unconstrained optimization and nonlinear equations},
	author={Dennis Jr, John E and Schnabel, Robert B},
	volume={16},
	year={1996},
	publisher={Siam}
}

@article{dunning1989gaussian,
	title={Gaussian basis sets for use in correlated molecular calculations. I. The atoms boron through neon and hydrogen},
	author={Dunning Jr, Thom H},
	journal={The Journal of chemical physics},
	volume={90},
	number={2},
	pages={1007--1023},
	year={1989},
	publisher={AIP}
}

@article{woon1993gaussian,
	title={Gaussian basis sets for use in correlated molecular calculations. III. The atoms aluminum through argon},
	author={Woon, David E and Dunning Jr, Thom H},
	journal={The Journal of chemical physics},
	volume={98},
	number={2},
	pages={1358--1371},
	year={1993},
	publisher={AIP}
}

@article{prascher2011gaussian,
	title={Gaussian basis sets for use in correlated molecular calculations. VII. Valence, core-valence, and scalar relativistic basis sets for Li, Be, Na, and Mg},
	author={Prascher, Brian P and Woon, David E and Peterson, Kirk A and Dunning, Thom H and Wilson, Angela K},
	journal={Theoretical Chemistry Accounts},
	volume={128},
	number={1},
	pages={69--82},
	year={2011},
	publisher={Springer}
}

@article{wilson1999gaussian,
	title={Gaussian basis sets for use in correlated molecular calculations. IX. The atoms gallium through krypton},
	author={Wilson, Angela K and Woon, David E and Peterson, Kirk A and Dunning Jr, Thom H},
	journal={The Journal of chemical physics},
	volume={110},
	number={16},
	pages={7667--7676},
	year={1999},
	publisher={AIP}
}

@article{kendall1992electron,
	title={Electron affinities of the first-row atoms revisited. Systematic basis sets and wave functions},
	author={Kendall, Rick A and Dunning Jr, Thom H and Harrison, Robert J},
	journal={The Journal of chemical physics},
	volume={96},
	number={9},
	pages={6796--6806},
	year={1992},
	publisher={AIP}
}


@article{hill2013gaussian,
	title={Gaussian basis sets for molecular applications},
	author={Hill, J Grant},
	journal={International Journal of Quantum Chemistry},
	volume={113},
	number={1},
	pages={21--34},
	year={2013},
	publisher={Wiley Online Library}
}

@article{feller2011effectiveness,
	title={On the effectiveness of CCSD (T) complete basis set extrapolations for atomization energies},
	author={Feller, David and Peterson, Kirk A and Grant Hill, J},
	journal={The Journal of chemical physics},
	volume={135},
	number={4},
	pages={044102},
	year={2011},
	publisher={AIP}
}

@article{perdew1986density,
	title={Density-functional approximation for the correlation energy of the inhomogeneous electron gas},
	author={Perdew, John P},
	journal={Physical Review B},
	volume={33},
	number={12},
	pages={8822},
	year={1986},
	publisher={APS}
}

@incollection{perdew2003density,
	title={Density functionals for non-relativistic Coulomb systems in the new century},
	author={Perdew, John P and Kurth, Stefan},
	booktitle={A primer in density functional theory},
	pages={1--55},
	year={2003},
	publisher={Springer}
}

@article{tao2003climbing,
	title={Climbing the density functional ladder: Nonempirical meta--generalized gradient approximation designed for molecules and solids},
	author={Tao, Jianmin and Perdew, John P and Staroverov, Viktor N and Scuseria, Gustavo E},
	journal={Physical Review Letters},
	volume={91},
	number={14},
	pages={146401},
	year={2003},
	publisher={APS}
}

@article{pribram2015dft,
	title={Dft: A theory full of holes?},
	author={Pribram-Jones, Aurora and Gross, David A and Burke, Kieron},
	journal={Annual review of physical chemistry},
	volume={66},
	pages={283--304},
	year={2015},
	publisher={Annual Reviews}
}

@article{buckingham1938classical,
	title={The classical equation of state of gaseous helium, neon and argon},
	author={Buckingham, Richard A},
	journal={Proceedings of the Royal Society of London. Series A. Mathematical and Physical Sciences},
	volume={168},
	number={933},
	pages={264--283},
	year={1938},
	publisher={The Royal Society London}
}

@article{salanne2011polarization,
	title={Polarization effects in ionic solids and melts},
	author={Salanne, Mathieu and Madden, Paul A},
	journal={Molecular Physics},
	volume={109},
	number={19},
	pages={2299--2315},
	year={2011},
	publisher={Taylor \& Francis}
}

@article{fowler1983crystal,
	title={The in-crystal polarizability of the fluoride ion},
	author={Fowler, PW and Madden, PA},
	journal={Molecular Physics},
	volume={49},
	number={4},
	pages={913--923},
	year={1983},
	publisher={Taylor \& Francis}
}

@article{fowler1985calculations,
	title={Calculations of two-and three-body dispersion coefficients for ions in crystals},
	author={Fowler, PW and Knowles, PJ and Pyper, NC},
	journal={Molecular Physics},
	volume={56},
	number={1},
	pages={83--95},
	year={1985},
	publisher={Taylor \& Francis}
}


@article{fowler1986dipole,
	title={Dipole-quadrupole dispersion coefficients for ions in crystals},
	author={Fowler, PW and Pyper, NC},
	journal={Molecular Physics},
	volume={59},
	number={2},
	pages={317--326},
	year={1986},
	publisher={Taylor \& Francis}
}

@article{fowler1990user,
	title={A User's Guide to Polarisabilities and Dispersion Coefficients for Ions in Crystals},
	author={Fowler, PW},
	journal={Molecular Simulation},
	volume={4},
	number={5},
	pages={313--330},
	year={1990},
	publisher={Taylor \& Francis}
}

@article{wilson1970dipole,
	title={Dipole polarizabilities of ions in alkali halide crystals},
	author={Wilson, John Norton and Curtis, Richard M},
	journal={The Journal of Physical Chemistry},
	volume={74},
	number={1},
	pages={187--196},
	year={1970},
	publisher={ACS Publications}
}

@article{mitskevich1964deviation,
	title={Deviation from polarizability additivity and diamagnetic susceptibilities in cubic ion crystals},
	author={Mitskevich, VV},
	journal={Sov. Phys. Solid State},
	volume={6},
	number={3},
	pages={557--562},
	year={1964}
}

@article{mahan1980polarizability,
	title={Polarizability of ions in crystals},
	author={Mahan, GD},
	journal={Solid State Ionics},
	volume={1},
	number={1-2},
	pages={29--45},
	year={1980},
	publisher={Elsevier}
}

@article{murrell1981many,
	title={Many-body contributions to the intermolecular potential in alkali halide crystals and clusters},
	author={Murrell, JN and Tennyson, J and Kamel, MA},
	journal={Molecular Physics},
	volume={42},
	number={4},
	pages={747--755},
	year={1981},
	publisher={Taylor \& Francis}
}

@article{tang1984improved,
	title={An improved simple model for the van der Waals potential based on universal damping functions for the dispersion coefficients},
	author={Tang, KT and Toennies, J Peter},
	journal={The Journal of chemical physics},
	volume={80},
	number={8},
	pages={3726--3741},
	year={1984},
	publisher={AIP}
}

@article{ray1996effect,
	title={Effect of crystal potential on dynamic polarizability of negative ions},
	author={Ray, D and Schmidt, PC and Weiss, Alarich},
	journal={Theoretica chimica acta},
	volume={93},
	number={3},
	pages={177--189},
	year={1996},
	publisher={Springer}
}

@article{ehrlich2011system,
	title={System-Dependent Dispersion Coefficients for the DFT-D3 Treatment of Adsorption Processes on Ionic Surfaces},
	author={Ehrlich, Stephan and Moellmann, Jonas and Reckien, Werner and Bredow, Thomas and Grimme, Stefan},
	journal={ChemPhysChem},
	volume={12},
	number={17},
	pages={3414--3420},
	year={2011},
	publisher={Wiley Online Library}
}

@article{caldeweyher2017extension,
	title={Extension of the D3 dispersion coefficient model},
	author={Caldeweyher, Eike and Bannwarth, Christoph and Grimme, Stefan},
	journal={The Journal of chemical physics},
	volume={147},
	number={3},
	pages={034112},
	year={2017},
	publisher={AIP Publishing}
}

@article{caldeweyher2019generally,
	title={A generally applicable atomic-charge dependent London dispersion correction},
	author={Caldeweyher, Eike and Ehlert, Sebastian and Hansen, Andreas and Neugebauer, Hagen and Spicher, Sebastian and Bannwarth, Christoph and Grimme, Stefan},
	journal={The Journal of chemical physics},
	volume={150},
	number={15},
	pages={154122},
	year={2019},
	publisher={AIP Publishing LLC}
}

@article{casimir1948influence,
	title={The influence of retardation on the London-van der Waals forces},
	author={Casimir, Hendrik BG and Polder, Dirk},
	journal={Physical Review},
	volume={73},
	number={4},
	pages={360},
	year={1948},
	publisher={APS}
}

@article{bader1967molecular,
	title={Molecular Charge Distributions and Chemical Binding. II. First-Row Diatomic Hydrides, AH},
	author={Bader, RFW and Keaveny, Ian and Cade, Paul E},
	journal={The Journal of Chemical Physics},
	volume={47},
	number={9},
	pages={3381--3402},
	year={1967},
	publisher={AIP}
}

@article{politzer1966electronic,
	title={Electronic Density Distribution in Lithium Hydride},
	author={Politzer, Peter and Brown, Richard E},
	journal={The Journal of Chemical Physics},
	volume={45},
	number={2},
	pages={451--454},
	year={1966},
	publisher={AIP}
}

@article{glover1977imaginary,
	title={Imaginary-frequency polarizability and van der Waals force constants of two-electron atoms, with rigorous bounds},
	author={Glover, RM and Weinhold, F},
	journal={The Journal of Chemical Physics},
	volume={66},
	number={1},
	pages={191--198},
	year={1977},
	publisher={AIP}
}

@inproceedings{vcanvcarevic2005theoretical,
	title={Theoretical and experimental exploration of the energy landscape of LiI},
	author={{\v{C}}an{\v{c}}arevi{\'c}, {\v{Z}}P and Sch{\"o}n, JC and Fischer, D and Jansen, Martin},
	booktitle={Materials Science Forum},
	volume={494},
	pages={61--66},
	year={2005},
	organization={Trans Tech Publ}
}

@article{wassermann1988hexagonal,
	title={Hexagonal LiI},
	author={Wassermann, B and H{\"o}nle, W and Martin, TP},
	journal={Solid state communications},
	volume={65},
	number={7},
	pages={561--564},
	year={1988},
	publisher={Elsevier}
}

@article{zhang2012comparison,
	title={A comparison of methods for melting point calculation using molecular dynamics simulations},
	author={Zhang, Yong and Maginn, Edward J},
	journal={The Journal of chemical physics},
	volume={136},
	number={14},
	pages={144116},
	year={2012},
	publisher={American Institute of Physics}
}

@article{smirnov1987thermal,
	title={Thermal conductivity of molten alkali halides and their mixtures},
	author={Smirnov, MV and Khokhlov, VA and Filatov, ES},
	journal={Electrochimica acta},
	volume={32},
	number={7},
	pages={1019--1026},
	year={1987},
	publisher={Elsevier}
}

@article{edwards1952electrical,
	title={Electrical conductivity of molten cryolite and potassium, sodium, and lithium chlorides},
	author={Edwards, Junius D and Taylor, Cyril S and Russell, Allen S and Maranville, L Frank},
	journal={Journal of The Electrochemical Society},
	volume={99},
	number={12},
	pages={527},
	year={1952},
	publisher={IOP Publishing}
}

@article{slater1924compressibility,
	title={Compressibility of the alkali halides},
	author={Slater, John Clarke},
	journal={Physical Review},
	volume={23},
	number={4},
	pages={488},
	year={1924},
	publisher={APS}
}

@article{vaidya1971compressibility,
	title={Compressibility of 27 halides to 45 kbar},
	author={Vaidya, SN and Kennedy, GC},
	journal={Journal of Physics and Chemistry of Solids},
	volume={32},
	number={5},
	pages={951--964},
	year={1971},
	publisher={Elsevier}
}

@article{yaffe1956electrical,
	title={Electrical conductance and density of pure molten alkali halides},
	author={Yaffe, IS and Van Artsdalen, BR},
	journal={The Journal of Physical Chemistry},
	volume={60},
	number={8},
	pages={1125--1131},
	year={1956},
	publisher={ACS Publications}
}

@article{nagasaka1992experimental,
	title={Experimental determination of the thermal diffusivity of molten alkali halides by the forced Rayleigh scattering method. I. Molten LiCl, NaCl, KCl, RbCl, and CsCl},
	author={Nagasaka, Yuji and Nakazawa, N and Nagashima, A},
	journal={International journal of thermophysics},
	volume={13},
	number={4},
	pages={555--574},
	year={1992},
	publisher={Springer}
}

@article{levy1960x,
	title={X-ray and neutron diffraction studies of molten alkali halides},
	author={Levy, HA and Agron, PA and Bredig, MA and Danford, MD},
	journal={Annals of the New York Academy of Sciences},
	volume={79},
	number={11},
	pages={762--780},
	year={1960},
	publisher={Wiley Online Library}
}

@article{bockris1957compressibilities,
	title={The compressibilities, free volumes and equation of state for molten electrolytes: some alkali halides and nitrates},
	author={Bockris, J O’M and Richards, NE},
	journal={Proceedings of the Royal Society of London. Series A. Mathematical and Physical Sciences},
	volume={241},
	number={1224},
	pages={44--66},
	year={1957},
	publisher={The Royal Society London}
}

@article{smirnov1982density,
	title={Density and surface tension of molten alkali halides and their binary mxitures},
	author={Smirnov, MV and Stepanov, VP},
	journal={Electrochimica Acta},
	volume={27},
	number={11},
	pages={1551--1563},
	year={1982},
	publisher={Elsevier}
}